@string{sisc = {SIAM J. Sci. Comput.}}


@article{ba-le-mi-ro:2003,
    Author = {Bale, Derek and LeVeque, Randall J. and Mitran, Sorin and Rossmanith, James},
    Journal = sisc,
    Number = {3},
    Pages = {955-978},
    Title = {{A Wave Propagation Method for Conservation Laws and Balance Laws with Spatially Varying Flux Functions}},
    Volume = {24},
    Year = {2003}}


@book{le:2002,
    Author = {Randall J. LeVeque},
    Publisher = {Cambridge University Press},
    Title = {Finite volume methods for hyperbolic problems},
    Year = 2002}
